@MISC{2017myersa1handout,
    author = {Steve Meyers},
    title = {Assignment \#1},
    year = {2017},
    month = Jan,
    howpublished = {\url{https://iu.instructure.com/courses/1603906/assignments}}
},

@BOOK{shostackbook,
	author = {Adam Shostack},
	title = {Threat Modeling: designing for security},
	publisher = {Wiley},
	year = {2014},
	address = {Indianapolis, Indiana},
	isbn = {978-1-118-80999-0}
}

